@electronic{csharp-namespaces,
	author			= {{Krzysztof Cwalina, Nick Schonning, et al.}},
	title			= {{Names of Namespaces}},
	year			= 2021,
	month			= August,
	url				= {https://docs.microsoft.com/en-us/dotnet/standard/design-guidelines/names-of-namespaces}
}

@article{pkmn-stats,
	author 			= {Gildardo Sanchez-Ante, Editor},
	title 			= {{Sistemas Inteligentes: Reportes Finales Ago-Dic 2013}},
	journal 		= {Reporte Tecnico RT-0002-2013},
	institution 	= {Tecnologico de Monterrey, Campus Guadalajara},
	month 			= {December},
	year 			= {2013},
	note			= {page 140},
}

@electronic{pkmn-website,
	title			= {{The Official Pok\'{e}mon Website}},
	year			= 2021,
	month			= August,
	url				= {https://www.pokemon.com/us/}
}

@electronic{rider,
	title			= {{JetBrains Rider}},
	year			= 2021,
	month			= August,
	url				= {https://www.jetbrains.com/rider/}
}

@electronic{unity-colliders,
	title 			= {{Unity - Manual: Colliders}},
	year			= {2021},
	month			= {August},
	url				= {https://docs.unity3d.com/Manual/CollidersOverview.html}
}

@electronic{unity-namespaces,
	title 			= {{Unity - Manual: Namespaces}},
	year			= {2021},
	month			= {August},
	url				= {https://docs.unity3d.com/Manual/Namespaces.html}
}